<?xml version="1.0" encoding="UTF-8"?>
<marc:record xmlns:marc="http://www.loc.gov/MARC21/slim" xmlns:xsi="http://www.w3.org/2001/XMLSchema-instance" xsi:schemaLocation="http://www.loc.gov/standards/marcxml/schema/MARC21slim.xsd">
  <marc:leader>00000ncc a2200000 u 4500</marc:leader>
  <marc:controlfield tag="001">990072135</marc:controlfield>
  <marc:controlfield tag="003">DE-633</marc:controlfield>
  <marc:controlfield tag="005">20181216075503.0</marc:controlfield>
  <marc:controlfield tag="008">161111##################################</marc:controlfield>
  <marc:datafield tag="031" ind1=" " ind2=" ">
    <marc:subfield code="a">1</marc:subfield>
    <marc:subfield code="b">1</marc:subfield>
    <marc:subfield code="c">1</marc:subfield>
    <marc:subfield code="g">C+1</marc:subfield>
    <marc:subfield code="m">S</marc:subfield>
    <marc:subfield code="n">bB</marc:subfield>
    <marc:subfield code="o">c/</marc:subfield>
    <marc:subfield code="p">'1GGAABB1.A2B''1C'BA7G1F7G</marc:subfield>
    <marc:subfield code="t">Jezusa Judasz przedał</marc:subfield>
    <marc:subfield code="2">pe</marc:subfield>
  </marc:datafield>
  <marc:datafield tag="035" ind1=" " ind2=" ">
    <marc:subfield code="a">AN 2157</marc:subfield>
  </marc:datafield>
  <marc:datafield tag="040" ind1=" " ind2=" ">
    <marc:subfield code="a">DE-633</marc:subfield>
  </marc:datafield>
  <marc:datafield tag="041" ind1="0" ind2=" ">
    <marc:subfield code="a">pol</marc:subfield>
  </marc:datafield>
  <marc:datafield tag="100" ind1="1" ind2=" ">
    <marc:subfield code="a">Anonymus</marc:subfield>
    <marc:subfield code="0">pe30004985</marc:subfield>
  </marc:datafield>
  <marc:datafield tag="240" ind1="1" ind2="0">
    <marc:subfield code="a">Sacred songs</marc:subfield>
    <marc:subfield code="m">V (4)</marc:subfield>
    <marc:subfield code="0">3900186</marc:subfield>
  </marc:datafield>
  <marc:datafield tag="245" ind1="1" ind2="0">
    <marc:subfield code="a">Piesn o Bozym | umeczeniu nabożna/ y barzo pie- | kna wsselkiemu krzesciyani- | nowi potrzebna, | [woodcut illustration] | W Krakowie. | Mattheus Siebeneycher. | M. D. L. viii.</marc:subfield>
  </marc:datafield>
  <marc:datafield tag="260" ind1=" " ind2=" ">
    <marc:subfield code="a">W Krakowie</marc:subfield>
    <marc:subfield code="b">Mattheus Siebeneycher</marc:subfield>
    <marc:subfield code="c">1558</marc:subfield>
    <marc:subfield code="8">01</marc:subfield>
  </marc:datafield>
  <marc:datafield tag="300" ind1=" " ind2=" ">
    <marc:subfield code="a">4 parts: 4f.</marc:subfield>
    <marc:subfield code="b">[woodcut illustration on title page:] crucifiction scene</marc:subfield>
    <marc:subfield code="8">01</marc:subfield>
    <marc:subfield code="3"/>
  </marc:datafield>
  <marc:datafield tag="340" ind1=" " ind2=" ">
    <marc:subfield code="d">Typography</marc:subfield>
    <marc:subfield code="m">8°</marc:subfield>
    <marc:subfield code="8">01</marc:subfield>
  </marc:datafield>
  <marc:datafield tag="500" ind1=" " ind2=" ">
    <marc:subfield code="a">parts printed in one fascicle</marc:subfield>
    <marc:subfield code="8">01</marc:subfield>
    <marc:subfield code="3"/>
  </marc:datafield>
  <marc:datafield tag="500" ind1=" " ind2=" ">
    <marc:subfield code="a">One verse underlayed, the other printed on f.3v-4v.</marc:subfield>
    <marc:subfield code="3"/>
  </marc:datafield>
  <marc:datafield tag="500" ind1=" " ind2=" ">
    <marc:subfield code="a">The print is a part of a folding cantional called "Zamoyski cantional".</marc:subfield>
    <marc:subfield code="3"/>
  </marc:datafield>
  <marc:datafield tag="500" ind1=" " ind2=" ">
    <marc:subfield code="a">Defects in paper resulting in missing text fragments.</marc:subfield>
    <marc:subfield code="3">274126</marc:subfield>
  </marc:datafield>
  <marc:datafield tag="500" ind1=" " ind2=" ">
    <marc:subfield code="a">Handwriting foliation beggining with 105 (repeated once probably by mistake) -107. The foliation was continuous for the prints included in the "Zamoyski cantional".</marc:subfield>
    <marc:subfield code="3">274126</marc:subfield>
  </marc:datafield>
  <marc:datafield tag="510" ind1="2" ind2=" ">
    <marc:subfield code="a">RISM A/I</marc:subfield>
    <marc:subfield code="c">AN 2157</marc:subfield>
  </marc:datafield>
  <marc:datafield tag="541" ind1="1" ind2=" ">
    <marc:subfield code="a">Biblioteka Ordynacji Zamojskiej</marc:subfield>
    <marc:subfield code="c">deposit</marc:subfield>
    <marc:subfield code="d">[after 1944]</marc:subfield>
    <marc:subfield code="3">274126</marc:subfield>
  </marc:datafield>
  <marc:datafield tag="561" ind1=" " ind2=" ">
    <marc:subfield code="a">Oval stamp on title page: "[BIBLIOTHE]CA C:O: ZAMOYSKI".</marc:subfield>
    <marc:subfield code="3">274126</marc:subfield>
  </marc:datafield>
  <marc:datafield tag="561" ind1=" " ind2=" ">
    <marc:subfield code="a">Pencil inscription on title page: "depozyt BOZ".</marc:subfield>
    <marc:subfield code="3">274126</marc:subfield>
  </marc:datafield>
  <marc:datafield tag="563" ind1=" " ind2=" ">
    <marc:subfield code="a">modern leather cover</marc:subfield>
    <marc:subfield code="3">274126</marc:subfield>
  </marc:datafield>
  <marc:datafield tag="588" ind1=" " ind2=" ">
    <marc:subfield code="a">PL-WN SD XVI.O.253</marc:subfield>
  </marc:datafield>
  <marc:datafield tag="590" ind1=" " ind2=" ">
    <marc:subfield code="a">S, A, T, B</marc:subfield>
    <marc:subfield code="b">1, 1, 1, 1 p.</marc:subfield>
    <marc:subfield code="8">01</marc:subfield>
  </marc:datafield>
  <marc:datafield tag="593" ind1=" " ind2=" ">
    <marc:subfield code="a">Print</marc:subfield>
    <marc:subfield code="8">01</marc:subfield>
  </marc:datafield>
  <marc:datafield tag="594" ind1=" " ind2=" ">
    <marc:subfield code="b">S</marc:subfield>
    <marc:subfield code="c">1</marc:subfield>
  </marc:datafield>
  <marc:datafield tag="594" ind1=" " ind2=" ">
    <marc:subfield code="b">A</marc:subfield>
    <marc:subfield code="c">1</marc:subfield>
  </marc:datafield>
  <marc:datafield tag="594" ind1=" " ind2=" ">
    <marc:subfield code="b">T</marc:subfield>
    <marc:subfield code="c">1</marc:subfield>
  </marc:datafield>
  <marc:datafield tag="594" ind1=" " ind2=" ">
    <marc:subfield code="b">B</marc:subfield>
    <marc:subfield code="c">1</marc:subfield>
  </marc:datafield>
  <marc:datafield tag="594" ind1=" " ind2=" ">
    <marc:subfield code="a">S, A, T, B</marc:subfield>
  </marc:datafield>
  <marc:datafield tag="599" ind1=" " ind2=" ">
    <marc:subfield code="b">full</marc:subfield>
  </marc:datafield>
  <marc:datafield tag="650" ind1="0" ind2="7">
    <marc:subfield code="a">Sacred songs</marc:subfield>
    <marc:subfield code="0">25250</marc:subfield>
  </marc:datafield>
  <marc:datafield tag="700" ind1="1" ind2=" ">
    <marc:subfield code="a">Władysław z Gielniowa</marc:subfield>
    <marc:subfield code="d">1440-1505</marc:subfield>
    <marc:subfield code="j">Ascertained</marc:subfield>
    <marc:subfield code="0">pe41013803</marc:subfield>
    <marc:subfield code="4">lyr</marc:subfield>
    <marc:subfield code="3"/>
  </marc:datafield>
  <marc:datafield tag="710" ind1="2" ind2=" ">
    <marc:subfield code="a">Siebeneicher, Matthäus</marc:subfield>
    <marc:subfield code="g">Ascertained</marc:subfield>
    <marc:subfield code="0">ks40010069</marc:subfield>
    <marc:subfield code="4">pbl</marc:subfield>
    <marc:subfield code="3"/>
  </marc:datafield>
  <marc:datafield tag="710" ind1="2" ind2=" ">
    <marc:subfield code="a">Biblioteka Ordynacji Zamojskiej</marc:subfield>
    <marc:subfield code="g">Ascertained</marc:subfield>
    <marc:subfield code="0">ks51001884</marc:subfield>
    <marc:subfield code="3">274126</marc:subfield>
    <marc:subfield code="4">dpt</marc:subfield>
  </marc:datafield>
  <marc:datafield tag="730" ind1="0" ind2=" ">
    <marc:subfield code="a">Pieśń o Bożym umęczeniu</marc:subfield>
    <marc:subfield code="g">RISM</marc:subfield>
    <marc:subfield code="m">V (4)</marc:subfield>
    <marc:subfield code="0">5041800</marc:subfield>
  </marc:datafield>
  <marc:datafield tag="852" ind1=" " ind2=" ">
    <marc:subfield code="a">PL-Wn</marc:subfield>
    <marc:subfield code="b">Zakład Starych Druków</marc:subfield>
    <marc:subfield code="d">339</marc:subfield>
    <marc:subfield code="e">Biblioteka Narodowa</marc:subfield>
    <marc:subfield code="x">ks30000118</marc:subfield>
    <marc:subfield code="3">274126</marc:subfield>
    <marc:subfield code="c">SD XVI.O.253</marc:subfield>
    <marc:subfield code="p"/>
    <marc:subfield code="q">S, A, T, B</marc:subfield>
    <marc:subfield code="u"/>
    <marc:subfield code="z"/>
  </marc:datafield>
  <marc:datafield tag="856" ind1=" " ind2=" ">
    <marc:subfield code="u">https://polona.pl/item/1172200</marc:subfield>
    <marc:subfield code="x">Digitized</marc:subfield>
    <marc:subfield code="z">Digital copy</marc:subfield>
    <marc:subfield code="3">274126</marc:subfield>
  </marc:datafield>
</marc:record>
